@misc{ Nobody06,
	author = "Nobody JR0678",
	title = "My Article",
	year = "2006" }

@misc{WinNT,
	author = {Durrr},
	title = {\\{MS Windows NT} Kernel Description},
	howpublished = {{\url{http://www.google.se}}},
	note = {Accessed: 30/09/2010}
}